<?xml version="1.0" encoding="UTF-8"?><collection xmlns="http://www.loc.gov/MARC21/slim"><record><leader>00469nam--2200169-i-4500</leader><controlfield tag="001">000001539</controlfield><controlfield tag="002">20161230</controlfield><controlfield tag="005">20161230201024</controlfield><controlfield tag="008">060222s1000------------r-----000-0-eng-d</controlfield><datafield ind1=" " ind2=" " tag="040"><subfield code="a">IFIN-HH</subfield></datafield><datafield ind1=" " ind2=" " tag="080"><subfield code="a">534.442.6=03.40=20</subfield></datafield><datafield ind1="1" ind2=" " tag="100"><subfield code="a">Sapriel, J</subfield></datafield><datafield ind1="1" ind2="0" tag="245"><subfield code="a">Acousto-optics</subfield><subfield code="b">Translated by simon francis and barbara kelly</subfield><subfield code="c">J. Sapriel</subfield></datafield><datafield ind1=" " ind2=" " tag="260"><subfield code="a">Chichester, John Wiley &amp; Sons, 1976</subfield></datafield><datafield ind1=" " ind2=" " tag="300"><subfield code="a">XV + 126 P</subfield></datafield><datafield ind1=" " ind2=" " tag="852"><subfield code="a">49029</subfield><subfield code="c">534</subfield></datafield><datafield ind1=" " ind2=" " tag="CAT"><subfield code="a">Sys</subfield><subfield code="c">20101008</subfield><subfield code="h">131152</subfield></datafield></record></collection>